@phdthesis{Bartels:2018ygk,
      author         = "Bartels, Richard Tony",
      title          = "{All the light we cannot see}",
      school         = "Amsterdam U.",
      year           = "2018",
      handle         = "11245.1/857c7b46-8c41-4fda-8e56-232606ba1e31",
      SLACcitation   = "%%CITATION = INSPIRE-1755798;%%"
}

@article{Bartels:2018qgr,
      author         = "Bartels, Richard and Edwards, Thomas",
      title          = "{Comment on “Understanding the $\gamma$-ray emission
                        from the globular cluster 47 Tuc: Evidence for dark
                        matter?”}",
      journal        = "Phys. Rev.",
      volume         = "D100",
      year           = "2019",
      number         = "6",
      pages          = "068301",
      doi            = "10.1103/PhysRevD.100.068301",
      eprint         = "1807.08800",
      archivePrefix  = "arXiv",
      primaryClass   = "astro-ph.HE",
      SLACcitation   = "%%CITATION = ARXIV:1807.08800;%%"
}

@article{Bartels:2018xom,
      author         = "Bartels, R. T. and Edwards, T. D. P. and Weniger, C.",
      title          = "{Bayesian model comparison and analysis of the Galactic
                        disc population of gamma-ray millisecond pulsars}",
      journal        = "Mon. Not. Roy. Astron. Soc.",
      volume         = "481",
      year           = "2018",
      number         = "3",
      pages          = "3966-3987",
      doi            = "10.1093/mnras/sty2529",
      eprint         = "1805.11097",
      archivePrefix  = "arXiv",
      primaryClass   = "astro-ph.HE",
      SLACcitation   = "%%CITATION = ARXIV:1805.11097;%%"
}

@article{Bartels:2018eyb,
      author         = "Bartels, Richard and Calore, Francesca and Storm, Emma
                        and Weniger, Christoph",
      title          = "{Galactic binaries can explain the Fermi Galactic centre
                        excess and 511 keV emission}",
      journal        = "Mon. Not. Roy. Astron. Soc.",
      volume         = "480",
      year           = "2018",
      number         = "3",
      pages          = "3826-3841",
      doi            = "10.1093/mnras/sty2135",
      eprint         = "1803.04370",
      archivePrefix  = "arXiv",
      primaryClass   = "astro-ph.HE",
      SLACcitation   = "%%CITATION = ARXIV:1803.04370;%%"
}

@article{Bartels:2017vsx,
      author         = "Bartels, Richard and Storm, Emma and Weniger, Christoph
                        and Calore, Francesca",
      title          = "{The Fermi-LAT GeV excess as a tracer of stellar mass in
                        the Galactic bulge}",
      journal        = "Nat. Astron.",
      volume         = "2",
      year           = "2018",
      number         = "10",
      pages          = "819-828",
      doi            = "10.1038/s41550-018-0531-z",
      eprint         = "1711.04778",
      archivePrefix  = "arXiv",
      primaryClass   = "astro-ph.HE",
      SLACcitation   = "%%CITATION = ARXIV:1711.04778;%%"
}

@article{Bartels:2017xba,
      author         = "Bartels, Richard and Hooper, Dan and Linden, Tim and
                        Mishra-Sharma, Siddharth and Rodd, Nicholas L. and Safdi,
                        Benjamin R. and Slatyer, Tracy R.",
      title          = "{Comment on “Characterizing the Population of Pulsars
                        in the Galactic Bulge with the Fermi Large Area
                        Telescope” [arXiv:1705.00009v1]}",
      journal        = "Phys. Dark Univ.",
      volume         = "20",
      year           = "2018",
      pages          = "88-94",
      doi            = "10.1016/j.dark.2018.04.004",
      eprint         = "1710.10266",
      archivePrefix  = "arXiv",
      primaryClass   = "astro-ph.HE",
      reportNumber   = "MIT-CTP-4945, PUPT-2538, MCTP-17-20,
                        FERMILAB-PUB-17-427-A",
      SLACcitation   = "%%CITATION = ARXIV:1710.10266;%%"
}

@article{Bartels:2017dpb,
      author         = "Bartels, Richard and Gaggero, Daniele and Weniger,
                        Christoph",
      title          = "{Prospects for indirect dark matter searches with MeV
                        photons}",
      journal        = "JCAP",
      volume         = "1705",
      year           = "2017",
      number         = "05",
      pages          = "001",
      doi            = "10.1088/1475-7516/2017/05/001",
      eprint         = "1703.02546",
      archivePrefix  = "arXiv",
      primaryClass   = "astro-ph.HE",
      SLACcitation   = "%%CITATION = ARXIV:1703.02546;%%"
}

@article{Bartels:2016uxz,
      author         = "Bartels, Richard and Weniger, Christoph",
      title          = "{Millisecond Pulsars in the Galactic Bulge? An Extended
                        Discussion on the Wavelet Analysis of the Fermi-LAT data}",
      booktitle      = "{The Multi-Messenger Astrophysics of the Galactic Centre
                        (IAU S322)}",
      journal        = "IAU Symp.",
      volume         = "322",
      year           = "2016",
      pages          = "193-196",
      doi            = "10.1017/S174392131601200X",
      SLACcitation   = "%%CITATION = IASYA,322,193;%%"
}

@article{Bartels:2015uba,
      author         = "Bartels, Richard and Ando, Shin'ichiro",
      title          = "{Boosting the annihilation boost: Tidal effects on dark
                        matter subhalos and consistent luminosity modeling}",
      journal        = "Phys. Rev.",
      volume         = "D92",
      year           = "2015",
      number         = "12",
      pages          = "123508",
      doi            = "10.1103/PhysRevD.92.123508",
      eprint         = "1507.08656",
      archivePrefix  = "arXiv",
      primaryClass   = "astro-ph.CO",
      SLACcitation   = "%%CITATION = ARXIV:1507.08656;%%"
}

@article{Bartels:2015aea,
      author         = "Bartels, Richard and Krishnamurthy, Suraj and Weniger,
                        Christoph",
      title          = "{Strong support for the millisecond pulsar origin of the
                        Galactic center GeV excess}",
      journal        = "Phys. Rev. Lett.",
      volume         = "116",
      year           = "2016",
      number         = "5",
      pages          = "051102",
      doi            = "10.1103/PhysRevLett.116.051102",
      eprint         = "1506.05104",
      archivePrefix  = "arXiv",
      primaryClass   = "astro-ph.HE",
      SLACcitation   = "%%CITATION = ARXIV:1506.05104;%%"
}

@article{Bartels:2015kpa,
      author         = "Bartels, Richard and Zandanel, Fabio and Ando,
                        Shin'ichiro",
      title          = "{Inverse-Compton Emission from Clusters of Galaxies:
                        Predictions for ASTRO-H}",
      journal        = "Astron. Astrophys.",
      volume         = "582",
      year           = "2015",
      pages          = "A20",
      doi            = "10.1051/0004-6361/201525758",
      eprint         = "1501.06940",
      archivePrefix  = "arXiv",
      primaryClass   = "astro-ph.HE",
      SLACcitation   = "%%CITATION = ARXIV:1501.06940;%%"
}